<collection xmlns="http://www.loc.gov/MARC21/slim">
<record>
  <leader>00743nam0a22001571i 450 </leader>
  <controlfield tag="001">IT\ICCU\CNCE\064425</controlfield>
  <controlfield tag="005">20060407000000.0</controlfield>
  <datafield tag="012" ind1=" " ind2=" ">
    <subfield code="a">4.1. 4.2. 6.8. 1.1. (3) 1586 (R)</subfield>
    <subfield code="2">fei</subfield>
  </datafield>
  <datafield tag="100" ind1=" " ind2=" ">
    <subfield code="a">20060407d1586        0itac0103    ba</subfield>
  </datafield>
  <datafield tag="101" ind1=" " ind2=" ">
    <subfield code="a">LAT</subfield>
  </datafield>
  <datafield tag="102" ind1=" " ind2=" ">
    <subfield code="a">IT</subfield>
  </datafield>
  <datafield tag="200" ind1="1" ind2=" ">
    <subfield code="a">℗P. Virgilii Maronis bucolicon, georgicum, &amp; Aeneidos vocum omnium ac rerum sylvae ℗index certissimus, quo Nicolaus Erytraeus I.C. in conscribendis suis de lingua latina libris annos iam multos utitur</subfield>
  </datafield>
  <datafield tag="210" ind1=" " ind2=" ">
    <subfield code="a">(Venetiis</subfield>
    <subfield code="c">apud Haeredes Melchioris Sessae,1586</subfield>
  </datafield>
  <datafield tag="300" ind1=" " ind2=" ">
    <subfield code="a">ANNULLATA  !!!!    ̈l&apos;ndice di  48262(( Segn.: A-Z8 Aa-Nn8.-L&apos;ultma pagina e&apos; bianca</subfield>
  </datafield>
  <datafield tag="801" ind1=" " ind2="3">
    <subfield code="a">IT</subfield>
    <subfield code="b">ICCU</subfield>
    <subfield code="c">20201115</subfield>
  </datafield>
  <datafield tag="899" ind1=" " ind2=" ">
    <subfield code="a">Biblioteca Labronica Francesco Domenico Guerrazzi. Livorno</subfield>
    <subfield code="1">LI0011</subfield>
    <subfield code="2">LIA FA</subfield>
  </datafield>
</record>
</collection>
